111111111111111111111111111111111111111111111111111111111111 1zzzzzzzzzzzzzzzzzzzzzzzzzzzzzzzzzzzzzzzzzzzzzzzzzzzz
send mail... 
xxxxxxxxx xxxxxxxxxxxxxxxxxxxx
send mail... 
sdvasddddddddddddddddddddddddddddddddddddddd
send mail... 
3333333333333333333333333333333333333333333333333333333333333333
send mail... 
jmmmmmmmmmmmmmmmmmmmmm n 
send mail... 
send mail is ok 
mnbbbbbbbbbbbbbbbbbbmnbmnvn
send mail... 
send mail is ok 
11111111111111111111111111111111111111111111111
send mail... 
send mail is ok 
mmmmmmmmmmmmmmmmmmmmmmmmmmmmmmmm
send mail... 
send mail is ok 
3525235235
send mail... 
send mail is ok 
after mail repairs
send mail... 
send mail is ok 
